@article{orwell_politics_1946,
  author = {Orwell, George},
  title = {Politics and the {English} Language},
  year = {1946},
  month = {April},
  journal = {Horizon},
  volume = {13},
  number = {76},
  pages = {252--265},
  note = {Available from: \url{https://www.orwell.ru/library/essays/politics/english/} as accessed on 2022$/$7$/$5}
}
